<?xml version="1.0" encoding="UTF-8"?><collection xmlns="http://www.loc.gov/MARC21/slim"><record><leader>00309nam--2200121-i-4500</leader><controlfield tag="001">000034572</controlfield><controlfield tag="002">20161230</controlfield><controlfield tag="005">20161230201040</controlfield><controlfield tag="008">060222s1000------------r-----000-0-eng-d</controlfield><datafield ind1=" " ind2=" " tag="100"><subfield code="a">Nicolau, Th./S.A.</subfield></datafield><datafield ind1=" " ind2=" " tag="245"><subfield code="a">Masurari electronice in industrie</subfield></datafield><datafield ind1=" " ind2=" " tag="260"><subfield code="a">Bucuresti, Editura Tehnica, 1964. 452p</subfield></datafield><datafield ind1=" " ind2=" " tag="852"><subfield code="a">9771</subfield></datafield></record></collection>